<record xmlns="http://www.loc.gov/MARC21/slim">
   <leader>02825nam a2200469 i 4500</leader>
   <controlfield tag="001">6800022</controlfield>
   <controlfield tag="003">CaPaEBR</controlfield>
   <controlfield tag="005">20141221120818.0</controlfield>
   <controlfield tag="006">m    eo  d        </controlfield>
   <controlfield tag="007">cr cn |||m|||a</controlfield>
   <controlfield tag="008">141221s2015    nyu    foab   001 0 eng d</controlfield>
   <datafield ind1=" " ind2=" " tag="020">
      <subfield code="a">9781606498231</subfield>
      <subfield code="q">e-book</subfield>
   </datafield>
   <datafield ind1=" " ind2=" " tag="020">
      <subfield code="z">9781606498224</subfield>
      <subfield code="q">paperback</subfield>
   </datafield>
   <datafield ind1=" " ind2=" " tag="035">
      <subfield code="a">ocn898491921</subfield>
   </datafield>
   <datafield ind1=" " ind2=" " tag="039">
      <subfield code="a">exclude</subfield>
   </datafield>
   <datafield ind1=" " ind2=" " tag="040">
      <subfield code="a">CaBNVSL</subfield>
      <subfield code="b">eng</subfield>
      <subfield code="e">rda</subfield>
      <subfield code="c">CaBNVSL</subfield>
      <subfield code="d">CaBNVSL</subfield>
      <subfield code="d">AEU</subfield>
   </datafield>
   <datafield ind1=" " ind2="4" tag="050">
      <subfield code="a">HF5657.4</subfield>
      <subfield code="b">.E887 2015</subfield>
   </datafield>
   <datafield ind1="0" ind2="4" tag="082">
      <subfield code="a">658.1511</subfield>
      <subfield code="2">23</subfield>
   </datafield>
   <datafield ind1=" " ind2=" " tag="090">
      <subfield code="a">Internet Access</subfield>
      <subfield code="b">AEU</subfield>
   </datafield>
   <datafield ind1="1" ind2=" " tag="100">
      <subfield code="a">Ette, Daniel A.,</subfield>
      <subfield code="e">author.</subfield>
   </datafield>
   <datafield ind1="1" ind2="0" tag="245">
      <subfield code="a">Responsible management accounting and controlling :</subfield>
      <subfield code="b">a practical handbook for sustainability, responsibility, and ethics /</subfield>
      <subfield code="c">Daniel A. Ette.</subfield>
   </datafield>
   <datafield ind1=" " ind2=" " tag="250">
      <subfield code="a">First edition.</subfield>
   </datafield>
   <datafield ind1=" " ind2="1" tag="264">
      <subfield code="a">New York, New York (222 East 46th Street, New York, NY 10017) :</subfield>
      <subfield code="b">Business Expert Press,</subfield>
      <subfield code="c">2015.</subfield>
   </datafield>
   <datafield ind1=" " ind2=" " tag="300">
      <subfield code="a">1 online resource (viii, 161 pages)</subfield>
   </datafield>
   <datafield ind1=" " ind2=" " tag="336">
      <subfield code="a">text</subfield>
      <subfield code="2">rdacontent</subfield>
   </datafield>
   <datafield ind1=" " ind2=" " tag="337">
      <subfield code="a">computer</subfield>
      <subfield code="2">rdamedia</subfield>
   </datafield>
   <datafield ind1=" " ind2=" " tag="338">
      <subfield code="a">online resource</subfield>
      <subfield code="2">rdacarrier</subfield>
   </datafield>
   <datafield ind1="1" ind2=" " tag="490">
      <subfield code="a">Principles of responsible management education collection,</subfield>
      <subfield code="x">2331-0022</subfield>
   </datafield>
   <datafield ind1=" " ind2=" " tag="500">
      <subfield code="a">Part of: 2014 digital library.</subfield>
   </datafield>
   <datafield ind1=" " ind2=" " tag="504">
      <subfield code="a">Includes bibliographical references (pages 149-158) and index.</subfield>
   </datafield>
   <datafield ind1="0" ind2=" " tag="505">
      <subfield code="a">Responsible controlling vision -- Setting the stage -- Responsibility, sustainability, and ethics -- Management accounting and controlling: a basic introduction -- Current controlling trends toward sustainability and responsibility -- Responsible controlling: synthesizing controlling and responsible management -- Stage 1. Soft factors and people -- Stage 2. Hard factors and structures -- Summing it all up.</subfield>
   </datafield>
   <datafield ind1=" " ind2=" " tag="506">
      <subfield code="a">Access restricted to authorized users and institutions.</subfield>
   </datafield>
   <datafield ind1="3" ind2=" " tag="520">
      <subfield code="a">Sustainability is becoming a business megatrend. The issue of this book is to be seen in the fact that controlling departments are hardly involved in sustainability topics and do not contribute to corporate responsibility. This book postulates the following assertion: responsible controlling is indispensable to make an organization more responsible. The objective of this book is the conceptual development of a responsible controlling framework toward decision making which is based on an ethical fundament in order to make a company a responsible business.</subfield>
   </datafield>
   <datafield ind1=" " ind2=" " tag="588">
      <subfield code="a">Title from PDF title page (viewed on December 21, 2014).</subfield>
   </datafield>
   <datafield ind1=" " ind2=" " tag="596">
      <subfield code="a">44</subfield>
   </datafield>
   <datafield ind1=" " ind2="0" tag="650">
      <subfield code="a">Managerial accounting.</subfield>
   </datafield>
   <datafield ind1=" " ind2="0" tag="650">
      <subfield code="a">Controllership.</subfield>
   </datafield>
   <datafield ind1=" " ind2="0" tag="650">
      <subfield code="a">Sustainability.</subfield>
   </datafield>
   <datafield ind1=" " ind2="0" tag="830">
      <subfield code="a">Principles of responsible management education collection.</subfield>
      <subfield code="x">2331-0022</subfield>
   </datafield>
   <datafield ind1="4" ind2="0" tag="856">
      <subfield code="3">University of Alberta Access</subfield>
      <subfield code="u">http://site.ebrary.com/lib/ualbertagep/Doc?id=10997462</subfield>
   </datafield>
   <datafield ind1=" " ind2=" " tag="949">
      <subfield code="h">UAIN</subfield>
      <subfield code="z">EBRARYBEP</subfield>
   </datafield>
   <datafield ind1=" " ind2=" " tag="926">
      <subfield code="a">Internet Access</subfield>
      <subfield code="w">LC</subfield>
      <subfield code="c">1</subfield>
      <subfield code="i">6800022-1001</subfield>
      <subfield code="l">INTERNET</subfield>
      <subfield code="m">UAINTERNET</subfield>
      <subfield code="r">Y</subfield>
      <subfield code="s">Y</subfield>
      <subfield code="t">E-RESOURCE</subfield>
      <subfield code="u">2/9/2015</subfield>
      <subfield code="x">E-BOOK</subfield>
      <subfield code="z">EBRARYBEP</subfield>
   </datafield>
</record>
